@book{cowbook,
 author = {Ramakrishnan, Raghu and Gehrke, Johannes},
 title = {Database Management Systems},
 year = {2003},
 isbn = {0072465638, 9780072465631},
 edition = {3},
 publisher = {McGraw-Hill, Inc.},
 address = {New York, NY, USA}
}

@article{li2014,
  title={Constructing an interactive natural language interface for relational databases},
  author={Li, Fei and Jagadish, HV},
  journal={Proceedings of the VLDB Endowment},
  volume={8},
  number={1},
  pages={73--84},
  year={2014},
  publisher={VLDB Endowment}
}

@misc{QATutorial,
	title = {Question and Answer Tutorial},
	howpublished = {\url{https://github.com/scottyih/Slides/blob/master/QA\%20Tutorial.pdf}},
	note = {Accessed: 25-09-2016}
}
